<?xml version="1.0" encoding="UTF-8"?><collection xmlns="http://www.loc.gov/MARC21/slim"><record><leader>00563nam--2200193-u-4500</leader><controlfield tag="001">000055317</controlfield><controlfield tag="002">20161230</controlfield><controlfield tag="005">20161230201052</controlfield><controlfield tag="008">121219s1000------------r-----000-0-rus-d</controlfield><datafield ind1=" " ind2=" " tag="040"><subfield code="a">IFIN-HH</subfield></datafield><datafield ind1=" " ind2=" " tag="041"><subfield code="a">rus</subfield></datafield><datafield ind1=" " ind2=" " tag="080"><subfield code="a">539.23</subfield></datafield><datafield ind1="1" ind2=" " tag="100"><subfield code="a">Aleksandrov,L.N</subfield></datafield><datafield ind1="1" ind2="0" tag="245"><subfield code="a">Modelirovanie rosta i legirovania poluprovodnikovih plenok metodom monte-karlo</subfield><subfield code="c">L.n. aleksandrov, r.v. bocekova, a.n. kogan, n.p. tihonova</subfield></datafield><datafield ind1=" " ind2=" " tag="260"><subfield code="a">Novosibirsk</subfield><subfield code="b">Nauka</subfield><subfield code="c">1991</subfield></datafield><datafield ind1=" " ind2=" " tag="300"><subfield code="a">165P</subfield></datafield><datafield ind1="1" ind2=" " tag="700"><subfield code="a">Tihonova, N.P</subfield></datafield><datafield ind1=" " ind2=" " tag="852"><subfield code="a">80051</subfield><subfield code="c">539.23</subfield></datafield><datafield ind1=" " ind2=" " tag="CAT"><subfield code="a">Sys</subfield><subfield code="c">20121219</subfield><subfield code="h">153514</subfield></datafield></record></collection>